@Article{Krasnova2015,
  author = 	 {Krasnova, H. and Widjaja, T. and Buxmann, P. and Wenninger, H. and Benbasat, I.},
  title = 	 {Research Note – Why Following Friends Can Hurt You},
  journal = 	 {Information Systems Research},
  subtitle = 	 {An Exploratory Investigation of the Effects of Envy on Social Networking Sites among College-Age Users},
  year = 	 2015,
  volume = 	 26,
  number = 	 3,
  pages = 	 {585--605}}

@Book{Gronau2016,
  editor = 	 {Gronau, N. and Maasdorp, C.},
  title = 	 {Modeling of Organizational Knowledge and Information},
  publisher = 	 {Gito},
  year = 	 2016,
  address = 	 {Berlin}}

@InProceedings{Wagner2018,
  author = 	 {Wagner, A. and Krasnova, H. and Abramova, O. and Buxmann, P. and Benbasat, I.},
  title = 	 {From ‘Privacy Calculus’ to ‘Social Calculus’},
  year = 	 2018,
  subtitle = 	 {Understanding Self-Disclosure on Social Networking Sites},
  booktitle = {Proceedings of the International Conference on Information Systems (ICIS 2018)},
  venue = 	 {San Francisco, USA}}

